@online{WEB:LSTM:2015,
	Author = {Christopher Olah},
	Title = {Understanding LSTM Networks},
	Url = {https://colah.github.io/posts/2015-08-Understanding-LSTMs/},
	Urldate = {2019-06-13},
	Year = {2015}}

@online{WEB:DoMinhHai:2017,
	Author = {Đỗ Minh Hải},
	Title = {[RNN] Cài đặt GRU/LSTM},
	Url = {https://dominhhai.github.io/vi/2017/10/implement-gru-lstm/},
	Urldate = {2019-06-13},
	Year = {2017}}

@online{WEB:Jakob:2018,
	Author = {Jakob Aungiers},
	Title = {Time series prediction using lstm deep neural networks},
	Url = {https://www.altumintelligence.com/articles/a/Time-Series-Prediction-Using-LSTM-Deep-Neural-Networks},
	Urldate = {2019-06-13},
	Year = {2018}}

@online{WEB:Kaggle,
	Author = {Janio Martinez Bachmann},
	Title = {S\&P 500 Time Series Forecasting with Prophet},
	Url = {https://www.kaggle.com/janiobachmann/s-p-500-time-series-forecasting-with-prophet},
	Urldate = {2019-06-13},
	Year = {2019}}

@book{BOOK:forecast,
    author = {Nguyễn Thị Thanh Huyền,  Th.S Nguyễn Văn Huân, Vũ Xuân Nam},
    title = {Phân tích và dự báo kinh tế},
    publisher = {Trường Đại học Thái Nguyên},
    year = {2009},
}

