@InProceedings{Danescu-Niculescu-Mizil+Lee:11a,
	author = {Cristian Danescu-Niculescu-Mizil and Lillian Lee},
	title = {Chameleons in imagined conversations:
	A new approach to understanding coordination of linguistic style in dialogs.},
	booktitle = {Proceedings of the
	Workshop on Cognitive Modeling and Computational Linguistics, ACL 2011},
	year = {2011}
}

@online{1506.05869,
	Author = {Oriol Vinyals and Quoc Le},
	Title = {A Neural Conversational Model},
	Year = {2015},
	Eprint = {1506.05869},
	Eprinttype = {arXiv},
}

@online{1508.04025,
	Author = {Minh-Thang Luong and Hieu Pham and Christopher D. Manning},
	Title = {Effective Approaches to Attention-based Neural Machine Translation},
	Year = {2015},
	Eprint = {1508.04025},
	Eprinttype = {arXiv},
}

@online{WEB:LSTM:2015,
	Author = {Christopher Olah},
	Title = {Understanding LSTM Networks},
	Url = {https://colah.github.io/posts/2015-08-Understanding-LSTMs/},
	Urldate = {2019-06-13},
	Year = {2015}}


@online{WEB:DoMinhHai:2017,
	Author = {Đỗ Minh Hải},
	Title = {[RNN] Cài đặt GRU/LSTM},
	Url = {https://dominhhai.github.io/vi/2017/10/implement-gru-lstm/},
	Urldate = {2019-06-13},
	Year = {201}}

@inproceedings{paszke2017automatic,
	title={Automatic differentiation in PyTorch},
	author={Paszke, Adam and Gross, Sam and Chintala, Soumith and Chanan, Gregory and Yang, Edward and DeVito, Zachary and Lin, Zeming and Desmaison, Alban and Antiga, Luca and Lerer, Adam},
	booktitle={NIPS-W},
	year={2017}
}
